@misc{cmc,
  title = {CoinMarketCap},
  howpublished = {\url{https://coinmarketcap.com/}},
  note = {Accessed: 2020-01-24}
}
@misc{cgk,
	title = {CoinGecko},
	howpublished = {\url{https://www.coingecko.com/}},
	note = {Accessed: 2020-01-24}
}
@article{bitcoin-whitepaper,
	author  = {Nakamoto, Satoshi},
	date    = {2008-10-31},
	title   = {Bitcoin: A Peer-to-Peer Electronic Cash System},
	url     = {https://bitcoin.org/bitcoin.pdf},
	urldate = {2020-01-24}
}
@article{state-machines,
	author  = {Schneider, F.i},
	year = {1990},
	month = {12},
	title   = {Implementing Fault-Tolerant Services Using the State Machine Approach: A Tutorial},
	url     = {https://www.cs.cornell.edu/fbs/publications/SMSurvey.pdf},
	urldate = {2020-01-29}
}
@article{byzantine-general-problem,
	author  = {Lamport L., Shostak R. and Pease M.},
	year = {1982},
	month = {7},
	title   = {The Byzantine Generals Problem},
	url     = {https://people.eecs.berkeley.edu/~luca/cs174/byzantine.pdf},
	urldate = {2020-01-29}
}
@article{bitcoin-mining-is-vulnerable,
	author  = {Eyal, I. and Emin, G.},
	date    = {2014},
	title   = {Majority is not Enough: Bitcoin Mining is Vulnerable},
	url     = {https://www.cs.cornell.edu/~ie53/publications/btcProcFC.pdf},
	urldate = {2020-01-29}
}
@article{peercoin-whitepaper,
	author  = {King S. and Nadal, S.},
	date    = {2012-8-19},
	title   = {PPCoin: Peer-to-Peer Crypto-Currency with Proof-of-Stake},
	url     = {https://whitepaperdatabase.com/peercoin-ppc-whitepaper/},
	urldate = {2020-01-24}
}
@misc{applied-cryptography,
	author = {Boneh, D. and Shoup V.},
	title = {A Graduate Course in Applied Cryptography},
	howpublished = {\url{https://crypto.stanford.edu/~dabo/cryptobook/BonehShoup_0_5.pdf}},
	note = {Accessed: 2020-01-24}
}
@misc{compact-signatures,
	author = {Boneh, D., Drijvers M. and Neven, G},
	title = {Compact Multi-Signatures for Smaller Blockchains},
	howpublished = {\url{https://eprint.iacr.org/2018/483.pdf}},
	note = {Accessed: 2020-01-24}
}
@misc{aggregated-sig-from-bilinear-maps,
	author = {Boneh, D., Gentry, C., Lynn, B., Shacham, H.},
	title = {Aggregate and Verifiably Encrypted Signatures from Bilinear Maps},
	howpublished = {\url{http://crypto.stanford.edu/~dabo/papers/aggreg.pdf}},
	note = {Accessed: 2020-01-24}
}